@article{Aharony:2013dha,
      author         = "Aharony, Ofer and Razamat, Shlomo S. and Seiberg, Nathan
                        and Willett, Brian",
      title          = "{3d dualities from 4d dualities}",
      journal        = "JHEP",
      volume         = "1307",
      pages          = "149",
      doi            = "10.1007/JHEP07(2013)149",
      year           = "2013",
      eprint         = "1305.3924",
      archivePrefix  = "arXiv",
      primaryClass   = "hep-th",
      reportNumber   = "WIS-04-13-APR-DPPA",
      SLACcitation   = "%%CITATION = ARXIV:1305.3924;%%",
}
@article{Amariti:2014iza,
      author         = "Amariti, Antonio and Klare, Claudius",
      title          = "{A journey to 3d: exact relations for adjoint SQCD from
                        dimensional reduction}",
      year           = "2014",
      eprint         = "1409.8623",
      archivePrefix  = "arXiv",
      primaryClass   = "hep-th",
      SLACcitation   = "%%CITATION = ARXIV:1409.8623;%%",
}
@article{ vanDeBult:2007a,
		author	 	= "Fokko van de Bult",
		title		= "Hyperbolic hypergeometric functions",
		year 		= "2007",
		journal 	= "Master thesis",
	}
@article{Dolan:2008qi,
      author         = "Dolan, F.A. and Osborn, H.",
      title          = "{Applications of the Superconformal Index for Protected
                        Operators and q-Hypergeometric Identities to N=1 Dual
                        Theories}",
      journal        = "Nucl.Phys.",
      volume         = "B818",
      pages          = "137-178",
      doi            = "10.1016/j.nuclphysb.2009.01.028",
      year           = "2009",
      eprint         = "0801.4947",
      archivePrefix  = "arXiv",
      primaryClass   = "hep-th",
      reportNumber   = "DAMTP-08-07, DIAS-STP-08-02, SHEP-08-06",
      SLACcitation   = "%%CITATION = ARXIV:0801.4947;%%",
}